<?xml version="1.0" encoding="UTF-8"?><collection><record><leader>07461ntm a2200541 a 4500</leader><controlfield tag="001">006837667</controlfield><controlfield tag="003">MiAaHDL</controlfield><controlfield tag="005">20190719000000.0</controlfield><controlfield tag="006">m        d        </controlfield><controlfield tag="007">cr bn ---auaua</controlfield><controlfield tag="008">090710s1825    xx            00| ||per d</controlfield><datafield tag="035" ind1=" " ind2=" "><subfield code="a">(MiU)006837667</subfield></datafield><datafield tag="035" ind1=" " ind2=" "><subfield code="a">sdr-miu006837667</subfield></datafield><datafield tag="040" ind1=" " ind2=" "><subfield code="a">MiU</subfield><subfield code="c">MiU</subfield><subfield code="e">amremm</subfield></datafield><datafield tag="043" ind1=" " ind2=" "><subfield code="a">n-us-mi</subfield></datafield><datafield tag="100" ind1="0" ind2=" "><subfield code="6">880-01</subfield><subfield code="a">ʻAbd al-Fattāḥ Gujarātī.</subfield></datafield><datafield tag="245" ind1="1" ind2="0"><subfield code="6">880-03</subfield><subfield code="a">Durr-i maknūn,</subfield><subfield code="f">[1240, i.e. 1825].</subfield></datafield><datafield tag="246" ind1="3" ind2=" "><subfield code="a">در مكنون</subfield></datafield><datafield tag="260" ind1=" " ind2=" "><subfield code="c">[1825].</subfield></datafield><datafield tag="300" ind1=" " ind2=" "><subfield code="a">119 leaves :</subfield><subfield code="b">paper ;</subfield><subfield code="c">205 x 117 (160 x 65) mm.</subfield></datafield><datafield tag="500" ind1=" " ind2=" "><subfield code="a">Shelfmark: Ann Arbor, University of Michigan, Special Collections Library, Isl. Ms. 891</subfield></datafield><datafield tag="500" ind1=" " ind2=" "><subfield code="a">Origin: As appears in colophon on p.258, transcription completed 16 Dhū al-Qaʻdah 1240 [ca. 2 July 1825].</subfield></datafield><datafield tag="500" ind1=" " ind2=" "><subfield code="a">Accompanying materials: a. Scrap with inscription in ink "Durr i Maknūn | A.H. 1264 [?] | Not in B.M. or India Office" (paginated pp.1-2) -- b. Slip of ruled paper with inscription in ink "Durr | e | maknūn | – | MS. | 1204 | DURR | E | MAKNŪN | – | MS. | 1204 | Title on label. | Mended &amp; furbished | Label removed &amp; thrown away." (paginated pp.3-4) -- c. Slip with description in hand of G. Meredith-Owens "MO 16 Durr-i maknūn | A ṣūfī poem, being an abridgement of of the Mas̲navī of Rūmī made by ʻAbd al-Fattāḥ Gujaratī. Copied in 1204 (?)" (paginated pp.5-6) -- d. Slip with description (in hand of E. Husselman ?) "Muḥammad ibn Muḥammad, Jalāl al-Dīn, Rūmī | Durr i maknūn. An abridgment of the Masnavi Abd al-Fattah, Gujurātī. Written A.H. 1240 [in red pencil, '? 1204 ?'] = A.D. 1824. | n. f. anywhere | 118 ff. 236 pp." (paginated pp.7-8) -- e. Slip with note "Persian MSS (Heyworth-Dunne?) with Husselman and Meredith-Owen notes" (paginated pp.9-10) -- f. Slip with note "counted for 1968/69 Annual Report" (paginated pp.11-12).</subfield></datafield><datafield tag="500" ind1=" " ind2=" "><subfield code="a">Former shelfmark: Mich. Isl. Ms. temp. no. 40</subfield></datafield><datafield tag="500" ind1=" " ind2=" "><subfield code="a">Binding: Pasteboards (thin) covered in dark red leather ; Type III binding (without flap) ; doublures and hinges (trimmed in zig-zag pattern) also in dark red leather ; spine gold-stamped "PERSIAN | M. S." ; sewn in cream thread, two stations ; worked chevron endbands in dark blue and cream (headband) and dark blue and red (tailband), in fairly good condition ; overall in fair condition with minor abrasion, shrinkage, etc. ; pieced repairs in red leather at head and tail of spine, damaged at tail exposing primaries.</subfield></datafield><datafield tag="500" ind1=" " ind2=" "><subfield code="a">Support: non-European (likely Indian or Persian) laid paper with roughly 11 laid lines per cm. (vertical, faint and fairly indistinct) and no chain lines plainly visible, quite cloudy formation, dark cream in color, quite well-burnished (burnisher's marks visible) ; flyleaves in European laid paper with watermark of dagger [?] in circle visible in front flyleaves.</subfield></datafield><datafield tag="500" ind1=" " ind2=" "><subfield code="a">Decoration: Simple headpiece (ʻunwān / sarlawḥ) at opening on p.24, consisting of rectangular piece carrying the basmalah surmounted by scalloped dome (flanked by two other scalloped domes to evoke w-shaped piece) outlined in red and blue rules ; keywords and headings rubricated ; written area surrounded by triple rule-border in red and blue, divisions within defined by double rule-borders in red.</subfield></datafield><datafield tag="500" ind1=" " ind2=" "><subfield code="a">Script: Nastaʻlīq ; elegant, compact hand in a medium line ; serifless with marked descent of words to baseline, elongation of horizontal strokes, pointing mainly in conjoined dots.</subfield></datafield><datafield tag="500" ind1=" " ind2=" "><subfield code="a">Layout: Written in 12 lines per page, with written area mainly divided to two columns ; frame-ruled.</subfield></datafield><datafield tag="500" ind1=" " ind2=" "><subfield code="a">Collation: vi, 11 V(110), V-1 (119), iv (plus letter tipped in) ; exclusively quinions ; middle of the quire marks in the form of black oblique strokes in upper outer corner of right-hand leaf and lower-outer corner of left-hand leaf ; catchwords present ; lacuna on p.154 marked "صحيح البياض" ; pagination in pencil, Western numerals, supplied during digitization (includes inserts and flyleaves).</subfield></datafield><datafield tag="500" ind1=" " ind2=" "><subfield code="a">Colophon: "Scribal," triangular, reads "تمت وبالخير قد عمت ١۶ ديقعده ۱۲۴ هجرى والحمد لله على ذلك والصلوه على حبيبه واله واصحابه تم"</subfield></datafield><datafield tag="500" ind1=" " ind2=" "><subfield code="a">Incipit: "ابتدا کرد مولوی علیه الرحمه مثنوی را در بیان معنیت [؟] حق با خلق که خمرت طینت آدم بیدی اربعین صباحا ..."</subfield></datafield><datafield tag="500" ind1=" " ind2=" "><subfield code="a">Title from inscription on 'title page' (p.23).</subfield></datafield><datafield tag="500" ind1=" " ind2=" "><subfield code="a">Ms. codex.</subfield></datafield><datafield tag="520" ind1="8" ind2=" "><subfield code="a">Fine copy of a selection of excerpts from Rūmī's (d.1273) celebrated Mas̲navī compiled and elucidated by ʻAbd al-Fattāḥ al-Gujarātī.</subfield></datafield><datafield tag="538" ind1=" " ind2=" "><subfield code="a">Mode of access: Internet.</subfield></datafield><datafield tag="541" ind1=" " ind2=" "><subfield code="c">Gift ;</subfield><subfield code="a">Acquired from Frank E. Nuttall (1875-1943).</subfield></datafield><datafield tag="546" ind1=" " ind2=" "><subfield code="a">Persian.</subfield></datafield><datafield tag="561" ind1=" " ind2=" "><subfield code="a">Possible former inventory marks on front flyleaf "MS | 1913", "L | 173", etc. ; on front flyleaf (p.13), ownership statement in name of "ميجر جنرل جناب ج ج پرس" (General George Godfrey Pearse, 1827-1905, see British Museum collection database entry for "Major George G Pearse RA" and NRA entry GB/NNAF/P146976 for "Pearse, George Godfrey (1827-1905) General"), reads "مالک این کتاب میجر جنرل جناب ج ج پرس صاحب است اگر کسی دعوی کند باطل و عاطل است" ; bookplate for Pearse (with name and coat of arms with "Nihil amanti durum") appears on lower doublure ; effaced ownership statement on 'title page' (p.23) ; tipped in at close (pp.269-270) a letter addressed to "Major General G. G. Pearse" from "Shah Mohamed Gause Gawahir Shuttary... سيد شاه محمد غوث شطارى" ( Sayyid Shāh Muḥammad Ghaws̲ī Shaṭṭārī [Shuṭṭārī] / سيد شاه محمد غوث شطارى ) dated "19 September /9/ 81 [1881]" in Bangalore and discussing his gift of this manuscript "... I have sent a Persian mystical book Named Duray Muknoo [?] and hoping that your honor might accept it, and another Persian book which you have forwarded me I have already given it to the old-book binder and I shall send it as soon as possible..." ; detailed inscription in ink on back flyleaf (p.262) signed "Geo. G. Pearse Major General, Royal Artillary" reads "Ootacamund. India. – July 1882. | This little Persian M.S. consists of selections from the great Persian work, the 'Musnuvie [Masnavie ?] ūl Shurreef' of Molannah Jallal ūl Deen Roomie, with commentaries by Moulvie Abdool Fatteh Goojratie, who terms it the 'Door i Muknoon' i.e. the secret pearl. | This copy was transcribed by an unnamed writer in A.H. 1240 corresponding to A.D. 1824. | The calligraphy is very good and neat. The work is philosophical &amp; goes in for being deep &amp; learned." ; collation marks "بلغ" and occasional corrections.</subfield></datafield><datafield tag="600" ind1="0" ind2="0"><subfield code="a">Jalāl al-Dīn Rūmī,</subfield><subfield code="c">Maulana,</subfield><subfield code="d">1207-1273.</subfield><subfield code="t">Mas̲navī.</subfield></datafield><datafield tag="650" ind1=" " ind2="0"><subfield code="a">Manuscripts, Persian</subfield><subfield code="z">Michigan</subfield><subfield code="z">Ann Arbor.</subfield></datafield><datafield tag="650" ind1=" " ind2="0"><subfield code="a">Sufi poetry, Persian</subfield><subfield code="x">History and criticism.</subfield></datafield><datafield tag="655" ind1=" " ind2="7"><subfield code="a">Headpieces (layout features)</subfield><subfield code="y">19th century.</subfield><subfield code="2">aat</subfield></datafield><datafield tag="700" ind1="1" ind2=" "><subfield code="a">Pearse, George Godfrey,</subfield><subfield code="d">1827-1905,</subfield><subfield code="e">former owner.</subfield></datafield><datafield tag="700" ind1="1" ind2=" "><subfield code="a">Nuttall, Frank E.,</subfield><subfield code="d">1875-1943,</subfield><subfield code="e">former owner.</subfield></datafield><datafield tag="773" ind1="0" ind2=" "><subfield code="a">F. E. Nuttall Collection.</subfield></datafield><datafield tag="880" ind1="1" ind2="0"><subfield code="6">245-03/</subfield><subfield code="a">در مکنون,</subfield><subfield code="f">[1240ه, 1825م].</subfield></datafield><datafield tag="880" ind1="0" ind2=" "><subfield code="6">100-01/</subfield><subfield code="a">عبد الفتاح گجراتى.</subfield></datafield><datafield tag="CID" ind1=" " ind2=" "><subfield code="a">006837667</subfield></datafield><datafield tag="DAT" ind1="0" ind2=" "><subfield code="a">20190719102642.0</subfield><subfield code="b">20190719000000.0</subfield></datafield><datafield tag="DAT" ind1="1" ind2=" "><subfield code="a">20190719090653.0</subfield><subfield code="b">2019-07-19T16:12:29Z</subfield></datafield><datafield tag="DAT" ind1="2" ind2=" "><subfield code="a">2015-10-02T18:00:03Z</subfield></datafield><datafield tag="CAT" ind1=" " ind2=" "><subfield code="a">SDR-MIU</subfield><subfield code="d">EX LIBRIS - ALEPH</subfield><subfield code="l">prepare.pl-004-008</subfield></datafield><datafield tag="FMT" ind1=" " ind2=" "><subfield code="a">BK</subfield></datafield><datafield tag="HOL" ind1=" " ind2=" "><subfield code="0">sdr-miu006837667</subfield><subfield code="a">MiU</subfield><subfield code="b">SDR</subfield><subfield code="c">MIU</subfield><subfield code="p">mdp.39015079132687</subfield><subfield code="s">MIU</subfield><subfield code="1">006837667</subfield></datafield><datafield tag="974" ind1=" " ind2=" "><subfield code="b">MIU</subfield><subfield code="c">MIU</subfield><subfield code="d">20190719</subfield><subfield code="s">lit-dlps-dc</subfield><subfield code="u">mdp.39015079132687</subfield><subfield code="y">1825</subfield><subfield code="r">pd</subfield><subfield code="q">bib</subfield><subfield code="t">non-US bib date1 &lt; 1879</subfield></datafield></record></collection>